<record><leader>00000cas a22000007a 4500</leader><controlfield tag="001">26580230</controlfield><controlfield tag="008">920911d19371942cauwr ne      0    0eng d</controlfield><datafield ind1=" " ind2=" " tag="010"><subfield code="a">sn 92068936 </subfield></datafield><datafield ind1=" " ind2=" " tag="040"><subfield code="a">CUY</subfield><subfield code="b">eng</subfield><subfield code="c">CNK</subfield><subfield code="d">OCLCQ</subfield></datafield><datafield ind1=" " ind2=" " tag="042"><subfield code="a">msc</subfield></datafield><datafield ind1="0" ind2=" " tag="130"><subfield code="a">Hilmar enterprise (Hilmar, Calif.)</subfield></datafield><datafield ind1="1" ind2="0" tag="245"><subfield code="a">Hilmar enterprise.</subfield></datafield><datafield ind1=" " ind2=" " tag="260"><subfield code="a">Hilmar, Calif. :</subfield><subfield code="b">D.K. Shearer</subfield></datafield><datafield ind1=" " ind2=" " tag="300"><subfield code="a">v.</subfield></datafield><datafield ind1=" " ind2=" " tag="310"><subfield code="a">Weekly</subfield></datafield><datafield ind1="0" ind2=" " tag="362"><subfield code="a">Vol. 18, no. 1 (Jan. 1, 1937)-</subfield></datafield><datafield ind1="1" ind2=" " tag="362"><subfield code="a">Ceased in Oct. 1942.</subfield></datafield><datafield ind1=" " ind2="4" tag="651"><subfield code="a">Merced County (Calif.)</subfield><subfield code="v">Newspapers.</subfield></datafield><datafield ind1=" " ind2=" " tag="752"><subfield code="a">United States</subfield><subfield code="b">California</subfield><subfield code="c">Merced</subfield><subfield code="d">Hilmar.</subfield></datafield><datafield ind1="0" ind2="0" tag="780"><subfield code="t">Hilmar-Irwin enterprise</subfield><subfield code="w">(DLC)sn 92068931</subfield></datafield><datafield ind1="0" ind2="4" tag="785"><subfield code="t">Livingston chronicle</subfield><subfield code="w">(DLC)sn 92068941</subfield></datafield><datafield ind1="1" ind2=" " tag="029"><subfield code="a">AU@</subfield><subfield code="b">000020735357</subfield></datafield></record>